% --- R E F E R E N C E ---
%@article{article:hist,
%    author      = "Ed Sutton",
%    title       = "Histograms and the Zone System",
%    journal     = "Illustrated Photography",
%    year        = "2015",
%    url         = "https://web.archive.org/web/20150223082314/http://www.illustratedphotography.net/basic-photography/zone-system-histograms"
%}
@website{web:scikit:lasso,
	title = "1.1.3. Lasso",
	url = "https://scikit-learn.org/stable/modules/linear_model.html#lasso"
}
@website{web:scikit:ridge-regression,
	title = "1.1.2.1. Regression",
	url = "https://scikit-learn.org/stable/modules/linear_model.html#ridge-regression"
}
